@phdthesis {OlivierSerres:2015,
    title = {Hardware Support for Productive Partitioned Global Address Space (PGAS) Programming},
    author = {Olivier Serres},
    year = {2015},
    school = {George Washington University}
}
